<?xml version="1.0" encoding="UTF-8"?><record xmlns="http://www.loc.gov/MARC21/slim" xmlns:cinclude="http://apache.org/cocoon/include/1.0" xmlns:zs="http://www.loc.gov/zing/srw/">
  <leader>00457cz  a2200133n  4500</leader>
  <controlfield tag="001">n 2008025076</controlfield>
  <controlfield tag="003">DLC</controlfield>
  <controlfield tag="005">20080914080859.0</controlfield>
  <controlfield tag="008">080407n| acannaabn          |n aaa      </controlfield>
  <datafield tag="010" ind1=" " ind2=" ">
    <subfield code="a">n 2008025076</subfield>
  </datafield>
  <datafield tag="035" ind1=" " ind2=" ">
    <subfield code="a">(OCoLC)oca07727983</subfield>
  </datafield>
  <datafield tag="040" ind1=" " ind2=" ">
    <subfield code="a">DLC</subfield>
    <subfield code="b">eng</subfield>
    <subfield code="c">DLC</subfield>
    <subfield code="d">NjBlaOCU</subfield>
  </datafield>
  <datafield tag="100" ind1="1" ind2=" ">
    <subfield code="a">Bel, Ge휍혖rard</subfield>
  </datafield>
  <datafield tag="670" ind1=" " ind2=" ">
    <subfield code="a">Simulation for supply chain management, 2008:</subfield>
    <subfield code="b">ECIP t.p. (Gerard Bel) book t.p. (Ge휍혖rard Bel) p. 4 of cover (was prof. and researcher, French Aerospace Lab)</subfield>
  </datafield>
</record>